@misc{ingsft,
       	title = "Materiale del corso di Ingegneria del Software",
       	author = "Carlo Combi",
	istitution = "Università degli Studi di Verona",
	year = "2017",
	howpublished={\url{http://www.di.univr.it/?ent=persona&id=142&lang=it/}}
@misc{ingreq,
       	title = "Materiale del corso di Ingegneria del Requisiti",
       	author = "Barbara Oliboni",
	istitution = "Università degli Studi di Verona",
	year = "2017",
	howpublished={\url{http://www.di.univr.it/?ent=persona&id=200&lang=it/}}
@misc{inglab,
       	title = "Materiale del corso di Laboratorio di Ingegneria del Software",
       	author = "Roberto Posenato",
	istitution = "Università degli Studi di Verona",
	year = "2017",
	howpublished={\url{http://www.di.univr.it/?ent=persona&id=102&lang=it/}}
}